%Fundamentação Teórica



%scikit-learn
@article{scikit-learn,
  title   = {Scikit-learn: Machine Learning in {P}ython},
  author  = {Pedregosa, F. and Varoquaux, G. and Gramfort, A. and Michel, V.
             and Thirion, B. and Grisel, O. and Blondel, M. and Prettenhofer, P.
             and Weiss, R. and Dubourg, V. and Vanderplas, J. and Passos, A. and
             Cournapeau, D. and Brucher, M. and Perrot, M. and Duchesnay, E.},
  journal = {Journal of Machine Learning Research},
  volume  = {12},
  pages   = {2825--2830},
  year    = {2011}
}

%Pandas
@inproceedings{mckinney2010data,
  title        = {Data structures for statistical computing in python},
  author       = {McKinney, Wes and others},
  booktitle    = {Proceedings of the 9th Python in Science Conference},
  volume       = {445},
  pages        = {51--56},
  year         = {2010},
  organization = {Austin, TX}
} 

%Python
@book{van1995python,
  title     = {Python tutorial},
  author    = {Van Rossum, Guido and Drake Jr, Fred L},
  year      = {1995},
  publisher = {Centrum voor Wiskunde en Informatica Amsterdam, The Netherlands}
}

@misc{cetic2019pesquisa,
  title         = {Tr\^es em cada quatro brasileiros j\'a utilizam a Internet, aponta pesquisa TIC Domic\'ilios 2019},
  author        = {Cetic.br},
  organization  = {Cetic.br},
  year          = {2019},
  url           = {https://www.cetic.br/pt/noticia/tres-em-cada-quatro-brasileiros-ja-utilizam-a-internet-aponta-pesquisa-tic-domicilios-2019/},
  urlaccessdate = {08 ago. 2022}
}

@misc{google2022localguides,
  title   = {Google Local Guides},
  author  = {Google},
  url     = {https://maps.google.com/localguides/},
  urldate = {08 ago. 2022}
}

@article{geetha2017relationship,
  title     = {Relationship between customer sentiment and online customer ratings for hotels-An empirical analysis},
  author    = {Geetha, M and Singha, Pratap and Sinha, Sumedha},
  journal   = {Tourism Management},
  volume    = {61},
  pages     = {43--54},
  year      = {2017},
  publisher = {Elsevier}
}

@article{liu2020free,
  title     = {Free add-on services and perceived value in competitive environments: Evidence from online hotel reviews},
  author    = {Liu, Shan and Gao, Baojun and Gallivan, Michael and Gong, Yeming},
  journal   = {International journal of hospitality management},
  volume    = {90},
  pages     = {102611},
  year      = {2020},
  publisher = {Elsevier}
}

@article{mathayomchan2020your,
  title     = {“How was your meal?” Examining customer experience using Google maps reviews},
  author    = {Mathayomchan, Boonyanit and Taecharungroj, Viriya},
  journal   = {International Journal of Hospitality Management},
  volume    = {90},
  pages     = {102641},
  year      = {2020},
  publisher = {Elsevier}
}

@article{sfodera2022technology,
  title     = {Is technology everywhere? Exploring Generation Z's perceptions of sustainable tourism in developing countries},
  author    = {Sfodera, Fabiola and Cain, Lisa Nicole and Di Leo, Alessio},
  journal   = {International Hospitality Review},
  number    = {ahead-of-print},
  year      = {2022},
  publisher = {Emerald Publishing Limited}
}